@article{zhang2019establishing,
  TITLE         = {Establishing reference scales for scene naturalness and openness: Naturalness and openness scales},
  AUTHOR        = {Zhang, Hanshu and Houpt, Joseph W and Harel, Assaf},
  JOURNAL       = {Behavior research methods},
  VOLUME        = {51},
  PAGES         = {1179--1186},
  YEAR          = {2019},
  PUBLISHER     = {Springer}
}
