@article{ourbtl2024,
  title={Deriving ratio scale estimates from human perceptual judgements of skin lesion features},
  author={Bennett, Murray S and Houpt, Joseph W and Townsend, James T and Wenger, Michael J and Mark, Lawrence},
  journal={OSF},
  volume={In preparation},
  year={2024}
}


%%%%%%% A
@article{aldridge2011novice,
  title={Novice identification of melanoma: not quite as straightforward as the ABCDs},
  author={Aldridge, R Benjamin and Zanotto, Matteo and Ballerini, Lucia and Fisher, Robert B and others},
  journal={Acta dermato-venereologica},
  volume={91},
  number={2},
  pages={125},
  year={2011},
  publisher={Europe PMC Funders}
}

@article{ali2020automating,
  title={Automating the ABCD rule for melanoma detection: a survey},
  author={Ali, Abder-Rahman H and Li, Jingpeng and Yang, Guang},
  journal={IEEE Access},
  volume={8},
  pages={83333--83346},
  year={2020},
  publisher={IEEE}
}
@article{ali2020towards,
  title={Towards the automatic detection of skin lesion shape asymmetry, color variegation and diameter in dermoscopic images},
  author={Ali, Abder-Rahman and Li, Jingpeng and O’Shea, Sally Jane},
  journal={Plos one},
  volume={15},
  number={6},
  pages={e0234352},
  year={2020},
  publisher={Public Library of Science San Francisco, CA USA}
}

@article{abbasi2004early,
  title={Early diagnosis of cutaneous melanoma: revisiting the ABCD criteria},
  author={Abbasi, Naheed R and Shaw, Helen M and Rigel, Darrell S and Friedman, Robert J and McCarthy, William H and Osman, Iman and Kopf, Alfred W and Polsky, David},
  journal={Jama},
  volume={292},
  number={22},
  pages={2771--2776},
  year={2004},
  publisher={American Medical Association}
}

@article{anderson2018accuracy,
    title={Accuracy of skin cancer diagnosis by physician assistants compared with dermatologists in a large health care system},
    author={Anderson, Alyce M and Matsumoto, Martha and Saul, Melissa I and Secrest, Aaron M and Ferris, Laura K},
    journal={JAMA dermatology},
    volume={154},
    number={5},
    pages={569--573},
    year={2018},
    publisher={American Medical Association},
    }

@article{ashby1986varieties,
  title={Varieties of perceptual independence.},
  author={Ashby, F Gregory and Townsend, James T},
  journal={Psychological review},
  volume={93},
  number={2},
  pages={154},
  year={1986},
  publisher={American Psychological Association}
}

@article{ashby2015multidimensional,
  title={Multidimensional signal detection theory},
  author={Ashby, F Gregory and Soto, Fabian A},
  journal={Oxford handbook of computational and mathematical psychology},
  pages={13--34},
  year={2015},
  publisher={Oxford University Press New York, NY}
}


%%%%%%% B
@article{bennett2024features,
    title={Perception-based continuous ratio scales of skin lesion features},
    author={Bennett, Murray Scott and Houpt, Joseph W and Townsend, James T and Wenger, Michael J},
    journal={In Preparation},
    year = {2024}
}

@article{branstrom2002laypersons,
  title={Laypersons' perceptual discrimination of pigmented skin lesions},
  author={Br{\"a}nstr{\"o}m, Richard and Hedblad, Mari-Anne and Krakau, Ingvar and Ull{\'e}n, Henrik},
  journal={Journal of the American Academy of Dermatology},
  volume={46},
  number={5},
  pages={667--673},
  year={2002},
  publisher={Elsevier}
}

@article{beeler2023factors,
  title={Factors related to the performance of laypersons diagnosing pigmented skin cancer: an explorative study},
  author={Beeler, Nadja and Ziegler, Esther and Navarini, Alexander A and Kapur, Manu},
  journal={Scientific Reports},
  volume={13},
  number={1},
  pages={22790},
  year={2023},
  publisher={Nature Publishing Group UK London}
}

@article{beeler2023effects,
  title={The effects of procedural and conceptual knowledge on visual learning},
  author={Beeler, Nadja and Ziegler, Esther and Volz, Andreas and Navarini, Alexander A and Kapur, Manu},
  journal={Advances in Health Sciences Education},
  pages={1--21},
  year={2023},
  publisher={Springer}
}

@article{bradley1952rank,
    title={Rank analysis of incomplete block designs: I. The method of paired comparisons},
    author={Bradley, Ralph Allan and Terry, Milton E},
    journal={Biometrika},
    volume={39},
    number={3/4},
    pages={324--345},
    year={1952},
    publisher={JSTOR}
}


%%%%%%% C
@article{cassidy2022analysis,
  title={Analysis of the ISIC image datasets: Usage, benchmarks and recommendations},
  author={Cassidy, Bill and Kendrick, Connah and Brodzicki, Andrzej and Jaworek-Korjakowska, Joanna and Yap, Moi Hoon},
  journal={Medical image analysis},
  volume={75},
  pages={102305},
  year={2022},
  publisher={Elsevier}
} 

@article{cohen1997visual,
  title={Visual detection and perceptual independence: Assessing color and form},
  author={Cohen, Dale J},
  journal={Perception \& psychophysics},
  volume={59},
  pages={623--635},
  year={1997},
  publisher={Springer}
}

%%%%%%% D
@article{davis2019current,
  title={Current state of melanoma diagnosis and treatment},
  author={Davis, Lauren E and Shalin, Sara C and Tackett, Alan J},
  journal={Cancer biology \& therapy},
  volume={20},
  number={11},
  pages={1366--1379},
  year={2019},
  publisher={Taylor \& Francis}
}
@article{dreiseitl2012differences,
  title={Differences in examination characteristics of pigmented skin lesions: Results of an eye tracking study},
  author={Dreiseitl, Stephan and Pivec, Maja and Binder, Michael},
  journal={Artificial intelligence in medicine},
  volume={54},
  number={3},
  pages={201--205},
  year={2012},
  publisher={Elsevier}
}

@article{gheorghiu2016role,
    title={The role of color and attention-to-color in mirror-symmetry perception},
    author={Gheorghiu, Elena and Kingdom, Frederick AA and Remkes, Aaron and Li, Hyung-Chul O and Rainville, St{\'e}phane},
    journal={Scientific Reports},
    volume={6},
    number={1},
    pages={29287},
    year={2016},
    publisher={Nature Publishing Group UK London},
    relevance={
        Found symmetry detection was sensitive to color correlations across the symmetry axis and that symmetry perception can benefit from color-based attention -- touches the idea that colour is required for symmetry. It's not just a shape/outline that is symmetrical.
    }
}
%%%%%%% E
%%%%%%% F
@article{fitousi2018feature,
  title={Feature binding in visual short term memory: a general recognition theory analysis},
  author={Fitousi, Daniel},
  journal={Psychonomic Bulletin \& Review},
  volume={25},
  pages={1104--1113},
  year={2018},
  publisher={Springer},
  relevance={colour and shape integration.}

}
%%%%%%% G
@article{gachon2005first,
  title={First prospective study of the recognition process of melanoma in dermatological practice},
  author={Gachon, Julie and Beaulieu, Philippe and Sei, Jean Francois and Gouvernet, Johanny and Claudel, Jean Paul and Lemaitre, Michel and Richard, Marie Aleth and Grob, Jean Jacques},
  journal={Archives of dermatology},
  volume={141},
  number={4},
  pages={434--438},
  year={2005},
  publisher={American Medical Association}
}

@article{gardner2019current,
    title={Current controversies in early-stage melanoma: questions on incidence, screening, and histologic regression},
    author={Gardner, Laura J and Strunck, Jennifer L and Wu, Yelena P and Grossman, Douglas},
    journal={Journal of the American Academy of Dermatology},
    volume={80},
    number={1},
    pages={1--12},
    year={2019},
    publisher={Elsevier}
}

@article{girardi2006superiority,
  title={Superiority of a cognitive education with photographs over ABCD criteria in the education of the general population to the early detection of melanoma: a randomized study},
  author={Girardi, Sophie and Gaudy, Caroline and Gouvernet, Joanny and Teston, Jacques and Richard, Marie Aleth and Grob, Jean-Jacques},
  journal={International journal of cancer},
  volume={118},
  number={9},
  pages={2276--2280},
  year={2006},
  publisher={Wiley Online Library}
}
@article{glazer2017analysis,
    title={Analysis of trends in US melanoma incidence and mortality},
    author={Glazer, Alex M and Winkelmann, Richard R and Farberg, Aaron S and Rigel, Darrell S},
    journal={JAMA dermatology},
    volume={153},
    number={2},
    pages={225--226},
    year={2017},
    publisher={American Medical Association}
}

@article{gunasti2008interrater,
  title={Interrater agreement in rating of pigmented skin lesions for border irregularity},
  author={Gunasti, Suhan and Mulayim, Mehmet Kamil and Fettahloglu, Bilge and Yucel, Aydn and Burgut, Refik and Sertdemir, Yasar and Aksungur, Varol Lutfu},
  journal={Melanoma research},
  volume={18},
  number={4},
  pages={284--288},
  year={2008},
  publisher={LWW}
}

@article{guy2015vital,
  title={Vital signs: melanoma incidence and mortality trends and projections—United States, 1982--2030},
  author={Guy Jr, Gery P and Thomas, Cheryll C and Thompson, Trevor and Watson, Meg and Massetti, Greta M and Richardson, Lisa C},
  journal={Morbidity and mortality weekly report},
  volume={64},
  number={21},
  pages={591},
  year={2015},
  publisher={Centers for Disease Control and Prevention}
}
%%%%%%% H
@article{hazen1999clinical,
  title={The clinical diagnosis of early malignant melanoma: expansion of the ABCD criteria to improve diagnostic sensitivity},
  author={Hazen, Brent P and Bhatia, Ashish C and Zaim, Tarif and Brodell, Robert T},
  journal={Dermatology Online Journal},
  volume={5},
  number={2},
  year={1999}
}

%%%%%%% I
% @misc{ISICref,
%   title={International Skin Imaging Collaboration},                                                    |135     url={https://www.isic-archive.com/},
%   howpublished={\url{https://www.isic-archive.com}},
%   note={Accessed: 2023-02-14}
% }
@online{ISICref,
    author={ISIC},
    title={International Skin Imaging Collaboration},
    year=2023,
    url=https://www.isic-archive.com},
    urldate={2023-02-14}
}

%%%%%%% J
%%%%%%% K
@article{kasmi2016classification,
  title={Classification of malignant melanoma and benign skin lesions: implementation of automatic ABCD rule},
  author={Kasmi, Reda and Mokrani, Karim},
  journal={IET Image Processing},
  volume={10},
  number={6},
  pages={448--455},
  year={2016},
  publisher={Wiley Online Library}
}

@inproceedings{kellman2023connecting,
  title={Connecting Adaptive Perceptual Learning and Signal Detection Theory in Skin Cancer Screening},
  author={Kellman, Philip J and Krasne, Sally and Massey, Christine M and Mettler, Everett W},
  booktitle={CogSci... Annual Conference of the Cognitive Science Society. Cognitive Science Society (US). Conference},
  volume={45},
  pages={3251},
  year={2023},
  organization={NIH Public Access}
}

@article{koh1992discovers,
  title={Who discovers melanoma?: patterns from a population-based survey},
  author={Koh, Howard K and Miller, Donald R and Geller, Alan C and Clapp, Richard W and Mercer, Mary Beth and Lew, Robert A},
  journal={Journal of the American Academy of Dermatology},
  volume={26},
  number={6},
  pages={914--919},
  year={1992},
  publisher={Elsevier}
}

%%%%%%% L
@article{laskaris2010fuzzy,
  title={Fuzzy description of skin lesions},
  author={Laskaris, Nikolaos and Ballerini, Lucia and Fisher, Robert B and Aldridge, Ben and Rees, Jonathan},
  journal={Medical Imaging},
  pages={762--717},
  year={2010}
}

%%%%%%% M
@article{majumder2019feature,
  title={Feature extraction from dermoscopy images for melanoma diagnosis},
  author={Majumder, Sharmin and Ullah, Muhammad Ahsan},
  journal={SN Applied Sciences},
  volume={1},
  number={7},
  pages={753},
  year={2019},
  publisher={Springer}
}

@article{mangione2023screening,
    title={Screening for skin cancer: US preventive services task force recommendation statement},
    author={Mangione, Carol M and Barry, Michael J and Nicholson, Wanda K and Chelmow, David and Coker, Tumaini Rucker and Davis, Esa M and Donahue, Katrina E and Ja{\'e}n, Carlos Roberto and Kubik, Martha and Li, Li and others},
    journal={Jama},
    volume={329},
    number={15},
    pages={1290--1295},
    year={2023},
    publisher={American Medical Association}
}

@article{meyer1996interobserver,
  title={Interobserver concordance in discriminating clinical atypia of melanocytic nevi, and correlations with histologic atypia},
  author={Meyer, Laurence J and Piepkorn, Michael and Goldgar, David E and Lewis, Cathryn M and Cannon-Albright, Lisa A and Zone, John J and Skolnick, Mark H},
  journal={Journal of the American Academy of Dermatology},
  volume={34},
  number={4},
  pages={618--625},
  year={1996},
  publisher={Elsevier}
}

@article{miller2015modeling,
    title={Modeling the effects of melanoma education on visual detection: a gradient shift analysis},
    author={Miller, Jonathan R and Reed, Derek D and Critchfield, Thomas S},
    journal={The Psychological Record},
    volume={65},
    pages={323--335},
    year={2015},
    publisher={Springer}
}

@article{moore2006skin,
    title={Skin cancer examination teaching in US medical education},
    author={Moore, Megan M and Geller, Alan C and Zhang, Zi and Hayes, Benjamin B and Bergstrom, Kendra and Graves, Julia E and Kim, Andrea and Martinez, Juan-Carlos and Shahabi, Ladan and Miller, Donald R and others},
    journal={Archives of dermatology},
    volume={142},
    number={4},
    pages={439--444},
    year={2006},
    publisher={American Medical Association}
}


%%%%%%% N
@article{norman1989development,
  title={The development of expertise in dermatology},
  author={Norman, Geoffrey R and Rosenthal, Donald and Brooks, Lee R and Allen, Scott W and Muzzin, Linda J},
  journal={Archives of dermatology},
  volume={125},
  number={8},
  pages={1063--1068},
  year={1989},
  publisher={American Medical Association}
}

%%%%%%% O
@article{oukil2022automatic,
  title={Automatic segmentation and melanoma detection based on color and texture features in dermoscopic images},
  author={Oukil, S and Kasmi, R and Mokrani, K and Garc{\'\i}a-Zapirain, B},
  journal={Skin Research and Technology},
  volume={28},
  number={2},
  pages={203--211},
  year={2022},
  publisher={Wiley Online Library}
}

%%%%%%% P
@article{perera2015incidence,
  title={Incidence and prevalence of non-melanoma skin cancer in A ustralia: A systematic review},
  author={Perera, Eshini and Gnaneswaran, Neiraja and Staines, Carolyn and Win, Aung Ko and Sinclair, Rod},
  journal={Australasian Journal of Dermatology},
  volume={56},
  number={4},
  pages={258--267},
  year={2015},
  publisher={Wiley Online Library}
}

%%%%%%% Q
%%%%%%% R
@article{rigel2010evolution,
    title={The evolution of melanoma diagnosis: 25 years beyond the ABCDs},
    author={Rigel, Darrell S and Russak, Julie and Friedman, Robert},
    journal={CA: a cancer journal for clinicians},
    volume={60},
    number={5},
    pages={301--316},
    year={2010},
    publisher={Wiley Online Library}
}
@article{rigel2010trends,
    title={Trends in dermatology: melanoma incidence},
    author={Rigel, Darrell S},
    journal={Archives of dermatology},
    volume={146},
    number={3},
    pages={318--318},
    year={2010},
    publisher={American Medical Association}
}

@article{rimoin2015training,
    title={Training pattern recognition of skin lesion morphology, configuration, and distribution},
    author={Rimoin, Lauren and Altieri, Lisa and Craft, Noah and Krasne, Sally and Kellman, Philip J},
    journal={Journal of the American Academy of Dermatology},
    volume={72},
    number={3},
    pages={489--495},
    year={2015},
    publisher={Elsevier}
}

@article{robinson2006skills,
  title={Skills training to learn discrimination of ABCDE criteria by those at risk of developing melanoma},
  author={Robinson, June K and Turrisi, Rob},
  journal={Archives of dermatology},
  volume={142},
  number={4},
  pages={447--452},
  year={2006},
  publisher={American Medical Association}
}

@article{roebuck2015assessing,
    title={Assessing skin cancer prevention and detection educational needs: An andragogical approach},
    author={Roebuck, Heather and Moran, Katherine and MacDonald, Douglas A and Shumer, Steve and McCune, Renee L},
    journal={The Journal for Nurse Practitioners},
    volume={11},
    number={4},
    pages={409--416},
    year={2015},
    publisher={Elsevier}
    }

@article{rourke2015learning,
  title={Learning to detect, categorize, and identify skin lesions: a meta-analysis},
  author={Rourke, Liam and Oberholtzer, Sarah and Chatterley, Trish and Brassard, Alain},
  journal={JAMA dermatology},
  volume={151},
  number={3},
  pages={293--301},
  year={2015},
  publisher={American Medical Association}
}

%%%%%%% S
@article{siegel2023cancer,
  title={Cancer statistics, 2023},
  author={Siegel, Rebecca L and Miller, Kimberly D and Wagle, Nikita Sandeep and Jemal, Ahmedin},
  journal={Ca Cancer J Clin},
  volume={73},
  number={1},
  pages={17--48},
  year={2023}
}

@article{speelman2010skill,
    title={Skill acquisition in skin cancer detection},
    author={Speelman, Craig and Martin, Katie and Flower, Steven and Simpson, Terry},
    journal={Perceptual and motor skills},
    volume={110},
    number={1},
    pages={277--297},
    year={2010},
    publisher={SAGE Publications Sage CA: Los Angeles, CA}
}

@article{svedman2016stage,
    title={Stage-specific survival and recurrence in patients with cutaneous malignant melanoma in Europe--a systematic review of the literature},
    author={Svedman, Fernanda Costa and Pillas, Demetris and Taylor, Aliki and Kaur, Moninder and Linder, Ragnar and Hansson, Johan},
    journal={Clinical epidemiology},
    pages={109--122},
    year={2016},
    publisher={Taylor \& Francis}
}

@article{silbert2016tutorial,
  title={A tutorial on general recognition theory},
  author={Silbert, Noah H and Hawkins, Robert XD},
  journal={Journal of Mathematical Psychology},
  volume={73},
  pages={94--109},
  year={2016},
  publisher={Elsevier}
}

@article{soto2017testing,
  title={Testing separability and independence of perceptual dimensions with general recognition theory: A tutorial and new R package (grtools)},
  author={Soto, Fabian A and Zheng, Emily and Fonseca, Johnny and Ashby, F Gregory},
  journal={Frontiers in Psychology},
  volume={8},
  pages={696},
  year={2017},
  publisher={Frontiers Media SA}
}

%%%%%%% T
@article{thanh2020melanoma,
  title={Melanoma skin cancer detection method based on adaptive principal curvature, colour normalisation and feature extraction with the ABCD rule},
  author={Thanh, Dang NH and Prasath, VB Surya and Hieu, Le Minh and Hien, Nguyen Ngoc},
  journal={Journal of Digital Imaging},
  volume={33},
  pages={574--585},
  year={2020},
  publisher={Springer}
}

@article{tsao2015early,
  title={Early detection of melanoma: reviewing the ABCDEs},
  author={Tsao, Hensin and Olazagasti, Jeannette M and Cordoro, Kelly M and Brewer, Jerry D and Taylor, Susan C and Bordeaux, Jeremy S and Chren, Mary-Margaret and Sober, Arthur J and Tegeler, Connie and Bhushan, Reva and others},
  journal={Journal of the American Academy of Dermatology},
  volume={72},
  number={4},
  pages={717--723},
  year={2015},
  publisher={Elsevier}
}

%%%%%%% U
%%%%%%% V
@inproceedings{vocaturo2018features,
  title={Features for melanoma lesions characterization in computer vision systems},
  author={Vocaturo, Eugenio and Zumpano, Ester and Veltri, Pierangelo},
  booktitle={2018 9th International Conference on Information, Intelligence, Systems and Applications (IISA)},
  pages={1--8},
  year={2018},
  organization={IEEE}
}

%%%%%%% W
@article{wise2009rates,
    title={Rates of skin cancer screening and prevention counseling by US medical residents},
    author={Wise, Emily and Singh, Deeptej and Moore, Megan and Hayes, Benjamin and Biello, Katie Brooks and Dickerson, Mary Curry and Ness, Rachel and Geller, Alan},
    journal={Archives of dermatology},
    volume={145},
    number={10},
    pages={1131--1136},
    year={2009},
    publisher={American Medical Association}
}
%%%%%%% X
@article{xu2016training,
  title={Training melanoma detection in photographs using the perceptual expertise training approach},
  author={Xu, Buyun and Rourke, Liam and Robinson, June K and Tanaka, James W},
  journal={Applied Cognitive Psychology},
  volume={30},
  number={5},
  pages={750--756},
  year={2016},
  publisher={Wiley Online Library}
}

%%%%%%% Y

%%%%%%% Z
@article{zanotto2010visual,
  title={Visual description of skin lesions},
  author={Zanotto, Matteo},
  journal={School of Informatics University of Edinburgh},
  year={2010}
}
@inproceedings{zanotto2011visual,
  title={Visual cues do not improve skin lesion ABC (D) grading},
  author={Zanotto, Matteo and Ballerini, Lucia and Aldridge, Ben and Fisher, Robert B and Rees, Jonathan},
  booktitle={Medical Imaging 2011: Image Perception, Observer Performance, and Technology Assessment},
  volume={7966},
  pages={254--263},
  year={2011},
  organization={SPIE}
}

@article{zghal2020melanoma,
  title={Melanoma skin cancer detection based on image processing},
  author={Zghal, Nadia S and Derbel, Nabil},
  journal={Current Medical Imaging},
  volume={16},
  number={1},
  pages={50--58},
  year={2020},
  publisher={Bentham Science Publishers}
}
@article{zhang2019establishing,
  TITLE         = {Establishing reference scales for scene naturalness and openness: Naturalness and openness scales},
  AUTHOR        = {Zhang, Hanshu and Houpt, Joseph W and Harel, Assaf},
  JOURNAL       = {Behavior research methods},
  VOLUME        = {51},
  PAGES         = {1179--1186},
  YEAR          = {2019},
  PUBLISHER     = {Springer}
}

